@misc{one,
    author    = {},
    title     = {Babeld(8) System Manager's Manual},
    url       = {https://www.irif.fr/~jch/software/babel/babeld.html}
}

