@online{ICMP,
    author    = "",
    title     = "The Babel Routing Protocol",
    url       = "https://www.irif.fr/~jch/software/babel/draft-chroboczek-babel-routing-protocol-01.html",
    keywords  = "babel"
}
@online{Bittorrent,
    author    = "Linpeng Tang, Qin Liu",
    title     = "A Survey of Distance Vector Routing Protocols",
    url       = "https://arxiv.org/pdf/1111.1514.pdf",
    keywords  = "bittorrent, peer-to-peer, file"
}
@online{MQTT,
    author    = "Antoine Hauck",
    title     = "HydroNet and The Babel Routing Protocol",
    url       = "http://blog.antoine.li/2011/09/05/babel/",
    keywords  = "Benefits of Babel Routing Protocol"
}

@online{MQTT,
    author    = "J. Chroboczek",
    title     = "Applicability of the Babel routing protocol",
    url       = "https://tools.ietf.org/html/draft-ietf-babel-applicability-01",
    keywords  = "babel, applicability"
}

@online{MQTT,
    author    = "",
    title     = "",
    url       = "https://www.smallbusinesstech.net/more-complicated-instructions/openwrt/hosting-two-wifi-networks-on-one-openwrt-router",
    keywords  = "openwrt"
}
